%% LaTeX2e file `prez.bib'
%% generated by the `filecontents' environment
%% from source `prez' on 2018/10/22.
%%
@article{cohan2018smhd,
  title={SMHD: A Large-Scale Resource for Exploring Online Language Usage for Multiple Mental Health Conditions},
  author={Cohan, Arman and Desmet, Bart and Yates, Andrew and Soldaini, Luca and MacAvaney, Sean and Goharian, Nazli},
  journal={arXiv preprint arXiv:1806.05258},
  year={2018}
}
